@inproceedings{jancosek2011multi,
  title={Multi-view reconstruction preserving weakly-supported surfaces},
  author={Jancosek, Michal and Pajdla, Tom{\'a}s},
  booktitle={Computer Vision and Pattern Recognition (CVPR), 2011 IEEE Conference on},
  pages={3121--3128},
  year={2011},
  organization={IEEE}
}
@InProceedings{ODD15,
  author       = "Ortiz-Cayon, Rodrigo and Djelouah, Abdelaziz and Drettakis, George",
  title        = "A Bayesian Approach for Selective Image-Based Rendering using Superpixels",
  booktitle    = "International Conference on 3D Vision (3DV)",
  year         = "2015",
  publisher    = "IEEE",
  key          = "Image-based rendering, image warp, superpixels, variational warp, wide baseline, multi-view stereo",
  url          = "http://www-sop.inria.fr/reves/Basilic/2015/ODD15"
}
@book{bishop,
  title={Pattern recognition and machine learning},
  author={Bishop, Christopher M and others},
  volume={4},
  number={4},
  year={2006},
  publisher={springer New York}
}
@article{priors,
  title={Image-based rendering using image-based priors},
  author={Fitzgibbon, Andrew and Wexler, Yonatan and Zisserman, Andrew},
  journal={IJCV},
  year={2005},
}
@inproceedings{devernay,
  title={Bayesian View Synthesis and Image-Based Rendering Principles},
  author={Pujades, Sergi and Devernay, Fr{\'e}d{\'e}ric and Goldluecke, Bastian},
  booktitle={CVPR},
  year={2014},
}

@inproceedings{woodford2006fields,
  title={Fields of Experts for Image-based Rendering.},
  author={Woodford, Oliver J and Reid, Ian D and Torr, Philip HS and Fitzgibbon, Andrew W},
  booktitle={BMVC},
  year={2006}
}
@inproceedings{woodford2005fast,
  title={Fast image-based rendering using hierarchical image-based priors},
  author={Woodford, Oliver and Fitzgibbon, Andrew W},
  booktitle={BMVC},
  year={2005}
}
@inproceedings{goesele2007multi,
  title={Multi-view stereo for community photo collections},
  author={Goesele, Michael and Snavely, Noah and Curless, Brian and Hoppe, Hugues and Seitz, Steven M},
  booktitle={ICCV},
  year={2007},
}
@article{sinha2012image,
  title={Image-based rendering for scenes with reflections.},
  author={Sinha, Sudipta N and Kopf, Johannes and Goesele, Michael and Scharstein, Daniel and Szeliski, Richard},
  journal={ACM Trans. Graph.},
  year={2012},
}

@article{kopf2013image,
  title={Image-based rendering in the gradient domain},
  author={Kopf, Johannes and Langguth, Fabian and Scharstein, Daniel and Szeliski, Richard and Goesele, Michael},
  journal={ACM Trans. Graph.},
  year={2013},
}
@article{vangorp11,
  author    = {Peter Vangorp and Gaurav Chaurasia and Pierre-Yves Laffont and Roland W. Fleming and George Drettakis},
  title     = {Perception of Visual Artifacts in Image-Based Rendering of Fa\c{c}ades},
  journal   = {Comp. Graph. Forum},
  year      = {2011},
}

@article{slic12,
  author  = {Achanta, R. and Shaji, A. and Smith, K. and Lucchi, A. and Fua, P. and S{\"u}sstrunk, S.},
  title   = {{SLIC} Superpixels Compared to State-of-the-Art Superpixel Methods},
  journal = {IEEE Trans. PAMI},
  year    = {2012},
}

@article{chaurasia13,
 author = "Gaurav Chaurasia and Sylvain Duchene and Olga Sorkine-Hornung and George Drettakis",
 title = "Depth synthesis and local warps for plausible image-based navigation",
 journal = "ACM Trans. on Graphics (TOG)",
 year = "2013",
}
@article{SSS:2006,
  author  = {Snavely, Noah and Seitz, Steven M. and Szeliski, Richard},
  title   = {Photo tourism: exploring photo collections in 3{D}},
  journal = {ACM Trans. Graph.},
  year    = {2006},
}
@inproceedings{Gortler96thelumigraph,
  author    = {Gortler, Steven J. and Grzeszczuk, Radek and Szeliski, Richard and Cohen, Michael F.},
  title     = {The {L}umigraph},
  booktitle = {SIGGRAPH},
  year      = {1996},
}

@article{chaurasia11,
  author    = {Gaurav Chaurasia and Olga Sorkine and George Drettakis},
  title     = {Silhouette-Aware Warping for Image-Based Rendering},
  journal   = {Comp. Graph. Forum},
  year      = {2011},
}
@article{Goesele:2010,
 author   = {Goesele, Michael and Ackermann, Jens and Fuhrmann, Simon and Haubold, Carsten and Klowsky, Ronny },
 title    = {Ambient point clouds for view interpolation},
 journal  = {ACM Trans. Graph.},
 year     = {2010},
}
@inproceedings{vangool,
  title={Fast, approximate piecewise-planar modeling based on sparse structure-from-motion and superpixels},
  author={Bodis-Szomoru, Andras and Riemenschneider, Hayko and Gool, Luc Van},
  booktitle={CVPR},
  year={2014},
}
@article{dibr,
    author = {Lipski, Christian and Klose, Felix and Magnor, Marcus},
    title = {Correspondence and Depth-Image Based Rendering: a Hybrid Approach for Free-Viewpoint Video},
    journal = {{IEEE} T-CSVT},
    year = {2014}
}

@article{Eisemann08FT,
  author  = {Martin Eisemann and Bert De Decker and Marcus Magnor and Philippe	Bekaert and Edilson de Aguiar and Naveed Ahmed and Christian Theobalt	and Anita Sellent},
  title   = {Floating Textures},
  journal = {Comp. Graph. Forum},
  year    = {2008},
}

@inproceedings{videomesh,
  title={The video mesh: A data structure for image-based three-dimensional video editing},
  author={Chen, Jiawen and Paris, Sylvain and Wang, Jue and Matusik, Wojciech and Cohen, Michael and Durand, Fredo},
  booktitle={ICCP},
  year={2011},
}

@inproceedings{parallax,
  title={Parallax photography: creating 3d cinematic effects from stills},
  author={Zheng, Ke Colin and Colburn, Alex and Agarwala, Aseem and Agrawala, Maneesh and Salesin, David and Curless, Brian and Cohen, Michael F},
  booktitle={Proc. Graph. Interface},
  year={2009},
}

@article{zitnick2007stereo,
  title={Stereo for image-based rendering using image over-segmentation},
  author={Zitnick, C Lawrence and Kang, Sing Bing},
  journal={IJCV},
  year={2007},
}

@article{Zitnick:2004:viewinterp,
  author  = {Zitnick, C. Lawrence and Kang, Sing Bing and Uyttendaele, Matthew and Winder, Simon and Szeliski, Richard},
  title   = {High-quality video view interpolation using a layered representation},
  journal = {ACM Trans. Graph.},
  year    = {2004},
}
@inproceedings{ULR,
  author    = {Chris Buehler and Michael Bosse and Leonard McMillan and Steven Gortler	and Michael Cohen},
  title     = {Unstructured lumigraph rendering},
  booktitle = {SIGGRAPH},
  year      = {2001},
}
@inproceedings{Levoy96lightfield,
  author    = {Levoy, Marc and Hanrahan, Pat},
  title     = {Light field rendering},
  booktitle = {SIGGRAPH},
  year      = {1996},
}

@inproceedings{Debevec:1996:MAR,
  author  = {Debevec, Paul E. and Taylor, Camillo J. and Malik, Jitendra},
  title   = {Modeling and rendering architecture from photographs: a hybrid geometry- and image-based approach},
  booktitle= {SIGGRAPH},
  year    = {1996},
}

@inproceedings{SinhaICCV09,
  author    = {Sudipta N. Sinha and Drew Steedly and Richard Szeliski},
  title     = {Piecewise planar stereo for image-based rendering},
  booktitle = {ICCV},
  year      = {2009},
}

@inproceedings{Gallup:2010,
  author    = {Gallup, D. and Frahm, J.-M. and Pollefeys, M.},
  booktitle = {CVPR},
  title     = {Piecewise planar and non-planar stereo for urban scene reconstruction},
  year      = {2010},
}

@inproceedings{Furukawa:2007:mvs,
  author    = {Yasutaka Furukawa and Jean Ponce},
  title     = {Accurate, Dense, and Robust Multi-View Stereopsis},
  booktitle = {CVPR},
  year      = {2007},
}

@inproceedings{Goesele:2006,
 author   = {Goesele, Michael and Curless, Brian and Seitz, Steven M.},
 title    = {Multi-View Stereo Revisited},
 booktitle= {CVPR},
 year     = {2006},
}
@inproceedings{sfm,
  title={Towards linear-time incremental structure from motion},
  author={Wu, Changchang},
  booktitle={3DV},
  year={2013},
}

@article{pmvs,
  author    = "Yasutaka Furukawa and Jean Ponce",
  title     = "Accurate, Dense, and Robust Multi-View Stereopsis",
  journal = "IEEE Trans. PAMI",
  year = "2010",
}
